<?xml version="1.0" encoding="UTF-8"?><record xmlns="http://www.loc.gov/MARC21/slim" xmlns:cinclude="http://apache.org/cocoon/include/1.0" xmlns:zs="http://www.loc.gov/zing/srw/">
  <leader>00348nz  a2200121n  4500</leader>
  <controlfield tag="001">n  97068956 </controlfield>
  <controlfield tag="003">DLC</controlfield>
  <controlfield tag="005">19970708165725.1</controlfield>
  <controlfield tag="008">970708n| acannaab|          |n aaa ||| c</controlfield>
  <datafield tag="010" ind1=" " ind2=" ">
    <subfield code="a">n  97068956 </subfield>
  </datafield>
  <datafield tag="040" ind1=" " ind2=" ">
    <subfield code="a">CU</subfield>
    <subfield code="c">CU</subfield>
  </datafield>
  <datafield tag="100" ind1="1" ind2="0">
    <subfield code="a">Turci, Maria Chiara</subfield>
  </datafield>
  <datafield tag="670" ind1=" " ind2=" ">
    <subfield code="a">L'Impatto economico dei finanziamenti pubblici alla cultura, c1993:</subfield>
    <subfield code="b">t.p. (Maria Chiara Turci)</subfield>
  </datafield>
</record>